@inproceedings{chen2014dual,
  title={Dual linear regression based classification for face cluster recognition},
  author={Chen, Liang},
  booktitle={Proceedings of the IEEE Conference on Computer Vision and Pattern Recognition},
  pages={2673--2680},
  year={2014}
}